%YAML 1.1
%TAG !u! tag:unity3d.com,2011:
--- !u!1 &4335623509120027583
GameObject:
  m_ObjectHideFlags: 0
  m_CorrespondingSourceObject: {fileID: 0}
  m_PrefabInstance: {fileID: 0}
  m_PrefabAsset: {fileID: 0}
  serializedVersion: 6
  m_Component:
  - component: {fileID: 5285269319944940579}
  - component: {fileID: 3014945827567492753}
  - component: {fileID: 8490643559011301471}
  m_Layer: 10
  m_Name: Cube (1)
  m_TagString: Enemy
  m_Icon: {fileID: 0}
  m_NavMeshLayer: 0
  m_StaticEditorFlags: 0
  m_IsActive: 1
--- !u!4 &5285269319944940579
Transform:
  m_ObjectHideFlags: 0
  m_CorrespondingSourceObject: {fileID: 0}
  m_PrefabInstance: {fileID: 0}
  m_PrefabAsset: {fileID: 0}
  m_GameObject: {fileID: 4335623509120027583}
  m_LocalRotation: {x: -0.35355338, y: -0.35355338, z: -0.1464466, w: 0.8535535}
  m_LocalPosition: {x: 0, y: 0, z: -0.365}
  m_LocalScale: {x: 0.144625, y: 0.144625, z: 0.144625}
  m_Children: []
  m_Father: {fileID: 7891018903142658587}
  m_RootOrder: 1
  m_LocalEulerAnglesHint: {x: -45, y: -45, z: 0}
--- !u!33 &3014945827567492753
MeshFilter:
  m_ObjectHideFlags: 0
  m_CorrespondingSourceObject: {fileID: 0}
  m_PrefabInstance: {fileID: 0}
  m_PrefabAsset: {fileID: 0}
  m_GameObject: {fileID: 4335623509120027583}
  m_Mesh: {fileID: 10202, guid: 0000000000000000e000000000000000, type: 0}
--- !u!23 &8490643559011301471
MeshRenderer:
  m_ObjectHideFlags: 0
  m_CorrespondingSourceObject: {fileID: 0}
  m_PrefabInstance: {fileID: 0}
  m_PrefabAsset: {fileID: 0}
  m_GameObject: {fileID: 4335623509120027583}
  m_Enabled: 1
  m_CastShadows: 1
  m_ReceiveShadows: 1
  m_DynamicOccludee: 1
  m_MotionVectors: 1
  m_LightProbeUsage: 1
  m_ReflectionProbeUsage: 1
  m_RayTracingMode: 2
  m_RayTraceProcedural: 0
  m_RenderingLayerMask: 1
  m_RendererPriority: 0
  m_Materials:
  - {fileID: 2100000, guid: 04b597db9f76bb84e861c3737195ec98, type: 2}
  m_StaticBatchInfo:
    firstSubMesh: 0
    subMeshCount: 0
  m_StaticBatchRoot: {fileID: 0}
  m_ProbeAnchor: {fileID: 0}
  m_LightProbeVolumeOverride: {fileID: 0}
  m_ScaleInLightmap: 1
  m_ReceiveGI: 1
  m_PreserveUVs: 0
  m_IgnoreNormalsForChartDetection: 0
  m_ImportantGI: 0
  m_StitchLightmapSeams: 1
  m_SelectedEditorRenderState: 3
  m_MinimumChartSize: 4
  m_AutoUVMaxDistance: 0.5
  m_AutoUVMaxAngle: 89
  m_LightmapParameters: {fileID: 0}
  m_SortingLayerID: 0
  m_SortingLayer: 0
  m_SortingOrder: 0
  m_AdditionalVertexStreams: {fileID: 0}
--- !u!1 &5760634193541392018
GameObject:
  m_ObjectHideFlags: 0
  m_CorrespondingSourceObject: {fileID: 0}
  m_PrefabInstance: {fileID: 0}
  m_PrefabAsset: {fileID: 0}
  serializedVersion: 6
  m_Component:
  - component: {fileID: 5760634193541392013}
  m_Layer: 10
  m_Name: bulletSpawner
  m_TagString: Enemy
  m_Icon: {fileID: 0}
  m_NavMeshLayer: 0
  m_StaticEditorFlags: 0
  m_IsActive: 1
--- !u!4 &5760634193541392013
Transform:
  m_ObjectHideFlags: 0
  m_CorrespondingSourceObject: {fileID: 0}
  m_PrefabInstance: {fileID: 0}
  m_PrefabAsset: {fileID: 0}
  m_GameObject: {fileID: 5760634193541392018}
  m_LocalRotation: {x: 0.7071068, y: 0, z: 0, w: 0.7071068}
  m_LocalPosition: {x: 0, y: 0, z: 0}
  m_LocalScale: {x: 1, y: 1, z: 1}
  m_Children: []
  m_Father: {fileID: 7891018903474655781}
  m_RootOrder: 1
  m_LocalEulerAnglesHint: {x: 90, y: 0, z: 0}
--- !u!1 &7712673469612767679
GameObject:
  m_ObjectHideFlags: 0
  m_CorrespondingSourceObject: {fileID: 0}
  m_PrefabInstance: {fileID: 0}
  m_PrefabAsset: {fileID: 0}
  serializedVersion: 6
  m_Component:
  - component: {fileID: 66709090916549449}
  m_Layer: 10
  m_Name: Eyes
  m_TagString: Untagged
  m_Icon: {fileID: 0}
  m_NavMeshLayer: 0
  m_StaticEditorFlags: 0
  m_IsActive: 1
--- !u!4 &66709090916549449
Transform:
  m_ObjectHideFlags: 0
  m_CorrespondingSourceObject: {fileID: 0}
  m_PrefabInstance: {fileID: 0}
  m_PrefabAsset: {fileID: 0}
  m_GameObject: {fileID: 7712673469612767679}
  m_LocalRotation: {x: 0, y: 0, z: 0, w: 1}
  m_LocalPosition: {x: 0.806, y: 0, z: 0}
  m_LocalScale: {x: 1, y: 1, z: 1}
  m_Children: []
  m_Father: {fileID: 7891018903474655781}
  m_RootOrder: 3
  m_LocalEulerAnglesHint: {x: 0, y: 0, z: 0}
--- !u!1 &7891018903142658586
GameObject:
  m_ObjectHideFlags: 0
  m_CorrespondingSourceObject: {fileID: 0}
  m_PrefabInstance: {fileID: 0}
  m_PrefabAsset: {fileID: 0}
  serializedVersion: 6
  m_Component:
  - component: {fileID: 7891018903142658587}
  m_Layer: 10
  m_Name: Visuals
  m_TagString: Enemy
  m_Icon: {fileID: 0}
  m_NavMeshLayer: 0
  m_StaticEditorFlags: 0
  m_IsActive: 1
--- !u!4 &7891018903142658587
Transform:
  m_ObjectHideFlags: 0
  m_CorrespondingSourceObject: {fileID: 0}
  m_PrefabInstance: {fileID: 0}
  m_PrefabAsset: {fileID: 0}
  m_GameObject: {fileID: 7891018903142658586}
  m_LocalRotation: {x: 0, y: 0, z: 0, w: 1}
  m_LocalPosition: {x: 0, y: 0, z: 0}
  m_LocalScale: {x: 1, y: 1, z: 1}
  m_Children:
  - {fileID: 7891018903449952264}
  - {fileID: 5285269319944940579}
  m_Father: {fileID: 7891018903474655781}
  m_RootOrder: 0
  m_LocalEulerAnglesHint: {x: 0, y: 0, z: 0}
--- !u!1 &7891018903449952267
GameObject:
  m_ObjectHideFlags: 0
  m_CorrespondingSourceObject: {fileID: 0}
  m_PrefabInstance: {fileID: 0}
  m_PrefabAsset: {fileID: 0}
  serializedVersion: 6
  m_Component:
  - component: {fileID: 7891018903449952264}
  - component: {fileID: 7891018903449952271}
  - component: {fileID: 7891018903449952270}
  m_Layer: 10
  m_Name: Cube
  m_TagString: Enemy
  m_Icon: {fileID: 0}
  m_NavMeshLayer: 0
  m_StaticEditorFlags: 0
  m_IsActive: 1
--- !u!4 &7891018903449952264
Transform:
  m_ObjectHideFlags: 0
  m_CorrespondingSourceObject: {fileID: 0}
  m_PrefabInstance: {fileID: 0}
  m_PrefabAsset: {fileID: 0}
  m_GameObject: {fileID: 7891018903449952267}
  m_LocalRotation: {x: -0.35355338, y: -0.35355338, z: -0.1464466, w: 0.8535535}
  m_LocalPosition: {x: 0, y: 0, z: 0}
  m_LocalScale: {x: 0.5, y: 0.5, z: 0.5}
  m_Children: []
  m_Father: {fileID: 7891018903142658587}
  m_RootOrder: 0
  m_LocalEulerAnglesHint: {x: -45, y: -45, z: 0}
--- !u!33 &7891018903449952271
MeshFilter:
  m_ObjectHideFlags: 0
  m_CorrespondingSourceObject: {fileID: 0}
  m_PrefabInstance: {fileID: 0}
  m_PrefabAsset: {fileID: 0}
  m_GameObject: {fileID: 7891018903449952267}
  m_Mesh: {fileID: 10202, guid: 0000000000000000e000000000000000, type: 0}
--- !u!23 &7891018903449952270
MeshRenderer:
  m_ObjectHideFlags: 0
  m_CorrespondingSourceObject: {fileID: 0}
  m_PrefabInstance: {fileID: 0}
  m_PrefabAsset: {fileID: 0}
  m_GameObject: {fileID: 7891018903449952267}
  m_Enabled: 1
  m_CastShadows: 1
  m_ReceiveShadows: 1
  m_DynamicOccludee: 1
  m_MotionVectors: 1
  m_LightProbeUsage: 1
  m_ReflectionProbeUsage: 1
  m_RayTracingMode: 2
  m_RayTraceProcedural: 0
  m_RenderingLayerMask: 1
  m_RendererPriority: 0
  m_Materials:
  - {fileID: 2100000, guid: ca8892793ad187a47b3adf3ae8155c95, type: 2}
  m_StaticBatchInfo:
    firstSubMesh: 0
    subMeshCount: 0
  m_StaticBatchRoot: {fileID: 0}
  m_ProbeAnchor: {fileID: 0}
  m_LightProbeVolumeOverride: {fileID: 0}
  m_ScaleInLightmap: 1
  m_ReceiveGI: 1
  m_PreserveUVs: 0
  m_IgnoreNormalsForChartDetection: 0
  m_ImportantGI: 0
  m_StitchLightmapSeams: 1
  m_SelectedEditorRenderState: 3
  m_MinimumChartSize: 4
  m_AutoUVMaxDistance: 0.5
  m_AutoUVMaxAngle: 89
  m_LightmapParameters: {fileID: 0}
  m_SortingLayerID: 0
  m_SortingLayer: 0
  m_SortingOrder: 0
  m_AdditionalVertexStreams: {fileID: 0}
--- !u!1 &7891018903474655780
GameObject:
  m_ObjectHideFlags: 0
  m_CorrespondingSourceObject: {fileID: 0}
  m_PrefabInstance: {fileID: 0}
  m_PrefabAsset: {fileID: 0}
  serializedVersion: 6
  m_Component:
  - component: {fileID: 7891018903474655781}
  - component: {fileID: 5760634193259926389}
  - component: {fileID: 5760634193259926394}
  - component: {fileID: 4705179061503890739}
  - component: {fileID: 820535045437965079}
  m_Layer: 10
  m_Name: HunterTest
  m_TagString: Enemy
  m_Icon: {fileID: 0}
  m_NavMeshLayer: 0
  m_StaticEditorFlags: 0
  m_IsActive: 1
--- !u!4 &7891018903474655781
Transform:
  m_ObjectHideFlags: 0
  m_CorrespondingSourceObject: {fileID: 0}
  m_PrefabInstance: {fileID: 0}
  m_PrefabAsset: {fileID: 0}
  m_GameObject: {fileID: 7891018903474655780}
  m_LocalRotation: {x: 0, y: 0, z: 0, w: 1}
  m_LocalPosition: {x: 3.08, y: 5.16, z: 0}
  m_LocalScale: {x: 2, y: 2, z: 2}
  m_Children:
  - {fileID: 7891018903142658587}
  - {fileID: 5760634193541392013}
  - {fileID: 351215590224016305}
  - {fileID: 66709090916549449}
  m_Father: {fileID: 0}
  m_RootOrder: 0
  m_LocalEulerAnglesHint: {x: 0, y: 0, z: 0}
--- !u!114 &5760634193259926389
MonoBehaviour:
  m_ObjectHideFlags: 0
  m_CorrespondingSourceObject: {fileID: 0}
  m_PrefabInstance: {fileID: 0}
  m_PrefabAsset: {fileID: 0}
  m_GameObject: {fileID: 7891018903474655780}
  m_Enabled: 1
  m_EditorHideFlags: 0
  m_Script: {fileID: 11500000, guid: 9928f334fa302c64ea958081ad9739f9, type: 3}
  m_Name: 
  m_EditorClassIdentifier: 
  hp: 15
  detectionRange: 4
  scanRadius: 10
  eyes: {fileID: 66709090916549449}
  waypointList: []
  nextWaypoint: 0
  spawnTable:
  - {fileID: 7436252741746657943, guid: 228bc52884f6a6b4dab1df78ade793fc, type: 3}
  - {fileID: 7436252741746657943, guid: 228bc52884f6a6b4dab1df78ade793fc, type: 3}
  weapon: {fileID: 7331116683372552285}
  fireRate: 2
  chaseSpeed: 5
  patrolSpeed: 3
  rb: {fileID: 0}
  damageTaken: 0
  lookTarget: {fileID: 0}
  chaseTarget: {fileID: 0}
  initialState: {fileID: 11400000, guid: 6f5deb3956dee6d4386966b72fa8af00, type: 2}
--- !u!65 &5760634193259926394
BoxCollider:
  m_ObjectHideFlags: 0
  m_CorrespondingSourceObject: {fileID: 0}
  m_PrefabInstance: {fileID: 0}
  m_PrefabAsset: {fileID: 0}
  m_GameObject: {fileID: 7891018903474655780}
  m_Material: {fileID: 0}
  m_IsTrigger: 0
  m_Enabled: 1
  serializedVersion: 2
  m_Size: {x: 0.5, y: 0.5, z: 0.5}
  m_Center: {x: 0, y: 0, z: 0}
--- !u!54 &4705179061503890739
Rigidbody:
  m_ObjectHideFlags: 0
  m_CorrespondingSourceObject: {fileID: 0}
  m_PrefabInstance: {fileID: 0}
  m_PrefabAsset: {fileID: 0}
  m_GameObject: {fileID: 7891018903474655780}
  serializedVersion: 2
  m_Mass: 1
  m_Drag: 1
  m_AngularDrag: 0.05
  m_UseGravity: 0
  m_IsKinematic: 0
  m_Interpolate: 0
  m_Constraints: 8
  m_CollisionDetection: 0
--- !u!114 &820535045437965079
MonoBehaviour:
  m_ObjectHideFlags: 0
  m_CorrespondingSourceObject: {fileID: 0}
  m_PrefabInstance: {fileID: 0}
  m_PrefabAsset: {fileID: 0}
  m_GameObject: {fileID: 7891018903474655780}
  m_Enabled: 1
  m_EditorHideFlags: 0
  m_Script: {fileID: 11500000, guid: c4c47d89e56c3ee4e8d7ed8541c2d55d, type: 3}
  m_Name: 
  m_EditorClassIdentifier: 
  remainState: {fileID: 11400000, guid: 655509ced9efdec40b80384e429385aa, type: 2}
  enemy: {fileID: 0}
--- !u!1001 &7331116683194935484
PrefabInstance:
  m_ObjectHideFlags: 0
  serializedVersion: 2
  m_Modification:
    m_TransformParent: {fileID: 7891018903474655781}
    m_Modifications:
    - target: {fileID: 463096033, guid: 9fe4ad869028ea641a02de37ef3c7b82, type: 3}
      propertyPath: mod1
      value: 
      objectReference: {fileID: 11400000, guid: 92deb66f0a94c3046a0ce9bae36f4d4f, type: 2}
    - target: {fileID: 463096033, guid: 9fe4ad869028ea641a02de37ef3c7b82, type: 3}
      propertyPath: baseSpeed
      value: 1
      objectReference: {fileID: 0}
    - target: {fileID: 1771173402, guid: 9fe4ad869028ea641a02de37ef3c7b82, type: 3}
      propertyPath: m_Layer
      value: 10
      objectReference: {fileID: 0}
    - target: {fileID: 7017346539620749238, guid: 9fe4ad869028ea641a02de37ef3c7b82, type: 3}
      propertyPath: m_LocalRotation.w
      value: 1
      objectReference: {fileID: 0}
    - target: {fileID: 7017346539620749238, guid: 9fe4ad869028ea641a02de37ef3c7b82, type: 3}
      propertyPath: m_LocalRotation.z
      value: 0
      objectReference: {fileID: 0}
    - target: {fileID: 7017346539620749238, guid: 9fe4ad869028ea641a02de37ef3c7b82, type: 3}
      propertyPath: m_LocalEulerAnglesHint.z
      value: 0
      objectReference: {fileID: 0}
    - target: {fileID: 7017346539620749239, guid: 9fe4ad869028ea641a02de37ef3c7b82, type: 3}
      propertyPath: m_Layer
      value: 10
      objectReference: {fileID: 0}
    - target: {fileID: 7017346541000563469, guid: 9fe4ad869028ea641a02de37ef3c7b82, type: 3}
      propertyPath: m_RootOrder
      value: 2
      objectReference: {fileID: 0}
    - target: {fileID: 7017346541000563469, guid: 9fe4ad869028ea641a02de37ef3c7b82, type: 3}
      propertyPath: m_LocalPosition.x
      value: 0.496
      objectReference: {fileID: 0}
    - target: {fileID: 7017346541000563469, guid: 9fe4ad869028ea641a02de37ef3c7b82, type: 3}
      propertyPath: m_LocalPosition.y
      value: 0
      objectReference: {fileID: 0}
    - target: {fileID: 7017346541000563469, guid: 9fe4ad869028ea641a02de37ef3c7b82, type: 3}
      propertyPath: m_LocalPosition.z
      value: 0
      objectReference: {fileID: 0}
    - target: {fileID: 7017346541000563469, guid: 9fe4ad869028ea641a02de37ef3c7b82, type: 3}
      propertyPath: m_LocalRotation.w
      value: 0
      objectReference: {fileID: 0}
    - target: {fileID: 7017346541000563469, guid: 9fe4ad869028ea641a02de37ef3c7b82, type: 3}
      propertyPath: m_LocalRotation.x
      value: 0
      objectReference: {fileID: 0}
    - target: {fileID: 7017346541000563469, guid: 9fe4ad869028ea641a02de37ef3c7b82, type: 3}
      propertyPath: m_LocalRotation.y
      value: 0
      objectReference: {fileID: 0}
    - target: {fileID: 7017346541000563469, guid: 9fe4ad869028ea641a02de37ef3c7b82, type: 3}
      propertyPath: m_LocalRotation.z
      value: 1
      objectReference: {fileID: 0}
    - target: {fileID: 7017346541000563469, guid: 9fe4ad869028ea641a02de37ef3c7b82, type: 3}
      propertyPath: m_LocalEulerAnglesHint.x
      value: 0
      objectReference: {fileID: 0}
    - target: {fileID: 7017346541000563469, guid: 9fe4ad869028ea641a02de37ef3c7b82, type: 3}
      propertyPath: m_LocalEulerAnglesHint.y
      value: 0
      objectReference: {fileID: 0}
    - target: {fileID: 7017346541000563469, guid: 9fe4ad869028ea641a02de37ef3c7b82, type: 3}
      propertyPath: m_LocalEulerAnglesHint.z
      value: 180
      objectReference: {fileID: 0}
    - target: {fileID: 7017346541000563506, guid: 9fe4ad869028ea641a02de37ef3c7b82, type: 3}
      propertyPath: m_Name
      value: Weapon_02
      objectReference: {fileID: 0}
    - target: {fileID: 7017346541000563506, guid: 9fe4ad869028ea641a02de37ef3c7b82, type: 3}
      propertyPath: m_Layer
      value: 10
      objectReference: {fileID: 0}
    m_RemovedComponents: []
  m_SourcePrefab: {fileID: 100100000, guid: 9fe4ad869028ea641a02de37ef3c7b82, type: 3}
--- !u!4 &351215590224016305 stripped
Transform:
  m_CorrespondingSourceObject: {fileID: 7017346541000563469, guid: 9fe4ad869028ea641a02de37ef3c7b82, type: 3}
  m_PrefabInstance: {fileID: 7331116683194935484}
  m_PrefabAsset: {fileID: 0}
--- !u!114 &7331116683372552285 stripped
MonoBehaviour:
  m_CorrespondingSourceObject: {fileID: 463096033, guid: 9fe4ad869028ea641a02de37ef3c7b82, type: 3}
  m_PrefabInstance: {fileID: 7331116683194935484}
  m_PrefabAsset: {fileID: 0}
  m_GameObject: {fileID: 0}
  m_Enabled: 1
  m_EditorHideFlags: 0
  m_Script: {fileID: 11500000, guid: 9a2ec3288bfeee646976c149384fca29, type: 3}
  m_Name: 
  m_EditorClassIdentifier: 
